<record><leader>00000cas a22000007a 4500</leader><controlfield tag="001">19524535</controlfield><controlfield tag="008">890410c19399999pauwr ne      0    0eng d</controlfield><datafield ind1=" " ind2=" " tag="010"><subfield code="a">sn 89077130 </subfield></datafield><datafield ind1=" " ind2=" " tag="040"><subfield code="a">NPH</subfield><subfield code="b">eng</subfield><subfield code="c">NPH</subfield><subfield code="d">OCLCQ</subfield></datafield><datafield ind1="0" ind2=" " tag="041"><subfield code="a">enggem</subfield></datafield><datafield ind1=" " ind2=" " tag="042"><subfield code="a">msc</subfield></datafield><datafield ind1="0" ind2="4" tag="245"><subfield code="a">The Lititz record-express.</subfield></datafield><datafield ind1="1" ind2="7" tag="246"><subfield code="a">Record-express</subfield></datafield><datafield ind1=" " ind2=" " tag="260"><subfield code="a">Lititz, Pa. :</subfield><subfield code="b">Record Print. Co.,</subfield><subfield code="c">1939-</subfield></datafield><datafield ind1=" " ind2=" " tag="300"><subfield code="a">v. :</subfield><subfield code="b">ill. ;</subfield><subfield code="c">54 cm.</subfield></datafield><datafield ind1=" " ind2=" " tag="310"><subfield code="a">Weekly</subfield></datafield><datafield ind1="0" ind2=" " tag="362"><subfield code="a">Vol. 41, no. 29 (Mar. 23, 1939)-</subfield></datafield><datafield ind1=" " ind2=" " tag="546"><subfield code="a">In English with some columns in Pennsylvania Dutch.</subfield></datafield><datafield ind1=" " ind2=" " tag="752"><subfield code="a">United States</subfield><subfield code="b">Pennsylvania</subfield><subfield code="c">Lancaster</subfield><subfield code="d">Lititz.</subfield></datafield><datafield ind1="0" ind2="0" tag="780"><subfield code="t">Lititz record the Lititz express</subfield><subfield code="w">(DLC)sn 89077129</subfield></datafield></record>